<collection xmlns="http://www.loc.gov/MARC21/slim">
<record>
  <leader>00509nam0a22001331i 450 </leader>
  <controlfield tag="001">IT\ICCU\CNCE\066491</controlfield>
  <controlfield tag="005">20060913000000.0</controlfield>
  <datafield tag="100" ind1=" " ind2=" ">
    <subfield code="a">20060907d1583        0itac0103    ba</subfield>
  </datafield>
  <datafield tag="101" ind1=" " ind2=" ">
    <subfield code="a">LAT</subfield>
  </datafield>
  <datafield tag="102" ind1=" " ind2=" ">
    <subfield code="a">IT</subfield>
  </datafield>
  <datafield tag="200" ind1="1" ind2=" ">
    <subfield code="a">℗D. Bernardi Doctoris Mellitissimi ... ℗Opera, in duos tomos distincta. Quibus adiecimus eiusdem Auctoris Opuscula: quae, vt caetera eius scripta, eccellentem ac diuinam sapiunt eruditionem. Tomus primus (-secundus)</subfield>
  </datafield>
  <datafield tag="210" ind1=" " ind2=" ">
    <subfield code="d">1583</subfield>
  </datafield>
  <datafield tag="300" ind1=" " ind2=" ">
    <subfield code="a">ANNULLATA. E&apos; CNCE 5517</subfield>
  </datafield>
  <datafield tag="801" ind1=" " ind2="3">
    <subfield code="a">IT</subfield>
    <subfield code="b">ICCU</subfield>
    <subfield code="c">20201115</subfield>
  </datafield>
</record>
</collection>
